<?xml version="1.0" encoding="UTF-8"?>
  <record xmlns="http://www.loc.gov/MARC21/slim" type="Authority">
    <leader>00000nz  a2200000oc 4500</leader>
    <controlfield tag="001">14307928X</controlfield>
    <controlfield tag="003">DE-101</controlfield>
    <controlfield tag="005">20200810100442.0</controlfield>
    <controlfield tag="008">101215n||aznnnaabn           | aaa    |c</controlfield>
    <datafield tag="024" ind1="7" ind2=" ">
      <subfield code="a">14307928X</subfield>
      <subfield code="0">http://d-nb.info/gnd/14307928X</subfield>
      <subfield code="2">gnd</subfield>
    </datafield>
    <datafield tag="035" ind1=" " ind2=" ">
      <subfield code="a">(DE-101)14307928X</subfield>
    </datafield>
    <datafield tag="035" ind1=" " ind2=" ">
      <subfield code="a">(DE-588)14307928X</subfield>
    </datafield>
    <datafield tag="035" ind1=" " ind2=" ">
      <subfield code="z">(DE-588a)14307928X</subfield>
      <subfield code="9">v:zg</subfield>
    </datafield>
    <datafield tag="040" ind1=" " ind2=" ">
      <subfield code="a">DE-547</subfield>
      <subfield code="c">DE-547</subfield>
      <subfield code="9">r:DE-12</subfield>
      <subfield code="b">ger</subfield>
      <subfield code="d">0017</subfield>
    </datafield>
    <datafield tag="042" ind1=" " ind2=" ">
      <subfield code="a">gnd3</subfield>
    </datafield>
    <datafield tag="043" ind1=" " ind2=" ">
      <subfield code="c">XA-DE</subfield>
    </datafield>
    <datafield tag="075" ind1=" " ind2=" ">
      <subfield code="b">p</subfield>
      <subfield code="2">gndgen</subfield>
    </datafield>
    <datafield tag="075" ind1=" " ind2=" ">
      <subfield code="b">piz</subfield>
      <subfield code="2">gndspec</subfield>
    </datafield>
    <datafield tag="079" ind1=" " ind2=" ">
      <subfield code="a">g</subfield>
      <subfield code="q">a</subfield>
      <subfield code="q">f</subfield>
    </datafield>
    <datafield tag="100" ind1="1" ind2=" ">
      <subfield code="a">Leyen, Kraft Kuno &#152;von der&#156;</subfield>
      <subfield code="d">1610-1683</subfield>
    </datafield>
    <datafield tag="400" ind1="1" ind2=" ">
      <subfield code="a">Leyen, Craft  Cuno &#152;von der&#156;</subfield>
      <subfield code="d">1610-1683</subfield>
    </datafield>
    <datafield tag="400" ind1="1" ind2=" ">
      <subfield code="a">Leyen, Crafft  Cuno &#152;von der&#156;</subfield>
      <subfield code="d">1610-1683</subfield>
    </datafield>
    <datafield tag="400" ind1="1" ind2=" ">
      <subfield code="a">Leyen, Crafftonus Cunonus &#152;de&#156;</subfield>
      <subfield code="d">1610-1683</subfield>
    </datafield>
    <datafield tag="548" ind1=" " ind2=" ">
      <subfield code="a">1610-1683</subfield>
      <subfield code="4">datl</subfield>
      <subfield code="4">https://d-nb.info/standards/elementset/gnd#dateOfBirthAndDeath</subfield>
      <subfield code="w">r</subfield>
      <subfield code="i">Lebensdaten</subfield>
    </datafield>
    <datafield tag="548" ind1=" " ind2=" ">
      <subfield code="a">-01.11.1683</subfield>
      <subfield code="4">datx</subfield>
      <subfield code="4">https://d-nb.info/standards/elementset/gnd#dateOfDeath</subfield>
      <subfield code="w">r</subfield>
      <subfield code="i">Exakte Lebensdaten</subfield>
    </datafield>
    <datafield tag="667" ind1=" " ind2=" ">
      <subfield code="a">VD-17</subfield>
    </datafield>
    <datafield tag="670" ind1=" " ind2=" ">
      <subfield code="a">Internet</subfield>
    </datafield>
    <datafield tag="672" ind1=" " ind2="0">
      <subfield code="a">Riehs, Franz Valentin Ignaz: Ardentium Affectuum ... - 1669</subfield>
    </datafield>
    <datafield tag="672" ind1=" " ind2="0">
      <subfield code="a">Todten-Fahn Weyland Ihro Excellentz dem Wohlgebohrnen Heldenmüthigen Herrn, Herrn Craffto Cuno Freyherrn von Leyen, Beyder Reichs-Armeen deß Fränckischen Cräyses, General Feldt-Marschall Lieutenant, Röm. Kayserl. Mayest. wie auch beeder Hochstiffter Bamberg und Würtzburg Kriegs-Rath, in der Hochfürßl. Statt Würtzburg und Residenz Vestung Marienburg Ober-Commendant und Obrister über ein Regiment zu Fuß, [et]c, Nach dessen Todesfall zu Fradingen in Mähren auff dem Rückmarsch den 1. Novembr. 1683. und nach beygetragener tapfferer Mit-Hülff im glücklichen Entsatz der vom Türcken hart belägerten Käyserlichen Haupt und Residenz-Statt Wienn in Oesterreich, Auffgerichtet In der Kirchen RR. PP. Ord. S. Benedicti Scotorum ad S. Jacobum zu Würtzburg Durch gegenwärtige Leich-Predig, Von P.Stephano Lesle der Societät Jesu Priester und Domb-Prediger, Würzburg: Zinck, [1683]</subfield>
    </datafield>
    <datafield tag="678" ind1=" " ind2=" ">
      <subfield code="b">1652 Oberstleutnant, Kommandant zu Königstein, 1683 Generalfeldmarschallleutnant in Würzburg, 1670 in Kurmainzer Diensten als Rat, Generalwachtmeister, Obrist und Gouverneur zu Erfurt</subfield>
    </datafield>
    <datafield tag="913" ind1=" " ind2=" ">
      <subfield code="S">pnd</subfield>
      <subfield code="i">a</subfield>
      <subfield code="a">Leyen, Kraft Kuno /von der</subfield>
      <subfield code="0">(DE-588a)14307928X</subfield>
    </datafield>
  </record>
